%% This BibTeX bibliography file was created using BibDesk.
%% http://bibdesk.sourceforge.net/


%% Created for chris at 2014-07-25 14:34:40 -0700 


%% Saved with string encoding Unicode (UTF-8) 

@preamble{"\newcommand{\SortNoop}[1]{}"}

@article{Clark:1994,
	Author = {Clark, Herbert H.},
	Journal = {Speech Communication},
	Month = {April},
	Number = {3--4},
	Pages = {243--250},
	Title = {Managing Problems in Speaking},
	Volume = {15},
	Year = {1994}}

@article{Clark:Krych:2004,
	Author = {Clark, Herbert H.  and  Krych, Meredyth A.},
	Journal = {Journal of Memory and Language},
	Month = {August},
	Number = {1},
	Pages = {62--81},
	Title = {Speaking While Monitoring Addressees for Understanding},
	Volume = {50},
	Year = {2004}}

@phdthesis{Russell:2012,
	Address = {Providence, RI},
	Author = {Russell, Benjamin},
	School = {Brown University},
	Title = {Probabilistic Reasoning and the Computation of Scalar Implicatures},
	Year = {2012}}

@book{WordNet98,
	Address = {Cambridge, MA},
	Editor = {Fellbaum, Christiane},
	Publisher = {MIT Press},
	Title = {Word{N}et: An Electronic Database},
	Year = {1998}}

@inproceedings{Kao:Bergen:Goodman:2014,
	Address = {Wheat Ridge, CO},
	Author = {Kao, Justine T. and Bergen, Leon and Goodman, Noah D.},
	Booktitle = {Proceedings of the 36th Annual Meeting of the Cognitive Science Society},
	Month = {July},
	Pages = {719--724},
	Publisher = {Cognitive Science Society},
	Title = {Formalizing the Pragmatics of Metaphor Understanding},
	Year = {2014}}

@article{Dillon-etal:2014,
	Author = {Dillon, Brian and Clifton, Charles and Frazier, Lyn},
	Journal = {Language, Cognition and Neuroscience},
	Number = {4},
	Pages = {483--498},
	Title = {Pushed Aside: Parentheticals, Memory and Processing},
	Volume = {29},
	Year = {2014}}

@article{Syrett-etal:2014,
	Author = {Syrett, Kristen and Koev, Todor},
	Journal = {Journal of Semantics},
	Title = {Experimental Evidence for the Truth Conditional Contribution and Shifting Information Status of Appositives},
	Year = {2014}}

@book{Schelling60,
	Address = {Cambridge, MA},
	Author = {Schelling, Thomas C.},
	Publisher = {Harvard University Press},
	Title = {The Strategy of Conflict},
	Year = {1960}}

@inproceedings{levy-pollard:2001,
  publisher = {CSLI},
  address = {Stanford, CA},
  author = {Levy, Roger and Pollard, Carl},
  booktitle = {Proceedings of the 8th International Conference on {H}ead-{D}riven {P}hrase {S}tructure {G}rammar},
  title = {Coordination and Neutralization in {HPSG}},
  editor = {Eynde, Frank Van and Hellan, Lars and Beermann, Dorothee},
  year = {2001},
  pages = {221--234}
}

@article{Goodman:Stuhlmuller:2013,
	Author = {Goodman, Noah D. and Stuhlm{\"u}ller, Andreas},
	Journal = {Topics in Cognitive Science},
	Number = {1},
	Pages = {173--184},
	Title = {Knowledge and Implicature: Modeling Language Understanding as Social Cognition},
	Volume = {5},
	Year = {2013}}

@inproceedings{Degen:Franke:2012,
	Address = {Paris},
	Author = {Degen, Judith and Franke, Michael},
	Booktitle = {Proceedings of {SemDIAL} 2012},
	Month = {September},
	Title = {Optimal Reasoning About Referential Expressions},
	Year = {2012}}

@inproceedings{Stiller:Goodman:Frank:2011,
	Address = {Austin, TX},
	Author = {Stiller, Alex and Goodman, Noah D. and Frank, Michael C.},
	Booktitle = {Proceedings of the 33rd Annual Meeting of the {C}ognitive {S}cience {S}ociety},
	Editor = {Carlson, Laura and Hoelscher, Christoph and Shipley, Thomas F.},
	Month = {July},
	Pages = {2134--2139},
	Publisher = {Cognitive Science Society},
	Title = {Ad-hoc Scalar Implicature in Adults and Children},
	Year = {2011}}

@book{Potts05BOOK,
  Address = {Oxford},
  Author = {Potts, Christopher},
  Publisher = {Oxford University Press},
  Series = {Oxford Studies in Theoretical Linguistics},
  Title = {The Logic of Conventional Implicatures},
  Year = {2005}}

@article{Tonhauser-etal:2011,
	Author = {Tonhauser, Judith and Beaver, David I. and Roberts, Craige and Simons, Mandy},
	Journal = {Language},
	Number = {1},
	Pages = {66--109},
	Title = {Towards a Taxonomy of Projective Content},
	Volume = {89},
	Year = {2013}}

@article{Michel-etal:2011,
	Author = {Michel, Jean-Baptiste and Shen, Yuan Kui and Aiden, Aviva Presser and Veres, Adrian and Gray, Matthew K. and {The Google Books Team} and Pickett, Joseph P. and Hoiberg, Dale and Clancy, Dan and Norvig, Peter and Orwant, Jon and Pinker, Steven and Nowak, Martin A. and Aiden, Erez Lieberman},
	Journal = {Science},
	Number = {6014},
	Pages = {176--182},
	Title = {Quantitative Analysis of Culture Using Millions of Digitized Books},
	Volume = {331},
	Year = {2011}}

@unpublished{Liberman:2005,
	Author = {Liberman, Mark},
	Month = {January},
	Title = {Questioning Reality},
	Note = {\url{http://itre.cis.upenn.edu/~myl/languagelog/archives/001837.html}},
	Urldate = {December 21, 2013},
	Year = {2005}}

@article{vanTiel-etal:2013,
	Author = {van Tiel, Bob and van Miltenburg, Emiel and Zevakhina, Natalia and Geurts, Bart},
	Journal = {Journal of Semantics},
	Title = {Scalar Diversity},
	Year = {2014}}

@inproceedings{Hearst92,
	Address = {Nantes},
	Author = {Hearst, Marti A.},
	Booktitle = {Proceedings of the 15th International Conference on Computational Linguistics},
	Month = {August},
	Pages = {539--545},
	Publisher = {Association for Computational Linguistics},
	Title = {Automatic Acquisition of Hyponyms from Large Text Corpora},
	Year = {1992}}

@incollection{Giles:2008,
	Author = {Giles, Howard},
	Booktitle = {Engaging Theories in Interpersonal Communication: Multiple Perspectives},
	Pages = {161--173},
	Publisher = {Sage Publications},
	Title = {Communication Accommodation Theory},
	Year = {2008}}

@incollection{Giles:Coupland:Coupland:1991,
	Author = {Giles, Howard and  Coupland, Nikolas and  Coupland, Justine},
	Booktitle = {Contexts of Accommodation},
	Editor = {Giles, Howard and  Coupland, Nikolas and  Coupland, Justine},
	Publisher = {Cambridge University Press},
	Title = {Accommodation theory: Communication, Context, and Consequences},
	Year = {1991}}

@book{Gazdar79b,
	Address = {New York},
	Author = {Gerald Gazdar},
	Publisher = {Academic Press},
	Title = {Pragmatics: Implicature, Presupposition and Logical Form},
	Year = {1979}}

@incollection{ChierchiaFoxSpector08,
	Author = {Chierchia, Gennaro and Fox, Danny and Spector, Benjamin},
	Crossref = {Maienborn:vonHeusinger:Portner:2012},
	Pages = {2297--2332},
	Title = {The Grammatical View of Scalar Implicatures and the Relationship between Semantics and Pragmatics}}

@article{Clark97,
	Author = {Clark, Herbert H.},
	Journal = {Discourse Processes},
	Number = {3},
	Pages = {567--59},
	Title = {Dogmas of Understanding},
	Volume = {23},
	Year = {1997}}

@inproceedings{DanLeePan:2012,
	Address = {New York},
	Author = {Danescu-Niculescu-Mizil, Cristian and Lee, Lillian and Pang, Bo and Kleinberg, Jon},
	Booktitle = {Proceedings of the 21st World Wide Web Conference},
	Pages = {699--708},
	Publisher = {ACM},
	Title = {Echoes of Power: Language Effects and Power Differences in Social Interaction},
	Year = {2012}}

@book{Levinson00,
	Address = {Cambridge, MA},
	Author = {Levinson, Stephen C.},
	Publisher = {MIT Press},
	Title = {Presumptive Meanings: {T}he Theory of Generalized Conversational Implicature},
	Year = {2000}}

@article{Simons:2001,
	Author = {Simons, Mandy},
	Journal = {Linguistics and Philosophy},
	Month = {October},
	Number = {5},
	Pages = {597--619},
	Title = {Disjunction and Alternativeness},
	Volume = {24},
	Year = {2001}}

@incollection{Jaeger:2011,
	Author = {{\SortNoop{Jager}}J{\"a}ger, Gerhard},
	Crossref = {Maienborn:vonHeusinger:Portner:2012},
	Pages = {2487--2425},
	Title = {Game Theory in Semantics and Pragmatics}}

@incollection{Jaeger:2007,
	Address = {Amsterdam},
	Author = {{\SortNoop{Jager}}J{\"a}ger, Gerhard},
	Booktitle = {Game Theory and Linguistic Meaning},
	Editor = {Pietarinen, Ahti-Veikko},
	Pages = {89--102},
	Publisher = {Elsevier},
	Title = {Game Dynamics Connects Semantics and Pragmatics},
	Year = {2007}}

@article{Clark:Wilkes-Gibbs:1986,
	Author = {Clark, Herbert H. and Wilkes-Gibbs, Deanna},
	Journal = {Cognition},
	Number = {1},
	Pages = {1--39},
	Title = {Referring as a Collaborative Process},
	Volume = {22},
	Year = {1986}}

@article{Brennan:Clark:1996,
	Author = {Brennan, Susan E. and Clark, Herbert H.},
	Journal = {Journal of Experimental Psychology: Learning, Memory, and Cognition},
	Number = {6},
	Pages = {1482--1493},
	Publisher = {American Psychological Association},
	Title = {Conceptual Pacts and Lexical Choice in Conversation},
	Volume = {22},
	Year = {1996}}

@article{Singh:2008,
	Author = {Singh, Raj},
	Date-Added = {2012-04-08 19:17:53 +0000},
	Date-Modified = {2013-05-29 19:44:04 +0000},
	Journal = {Linguistics and Philosophy},
	Keywords = {Hurford's constraint, pragmatics, conversational implicature},
	Number = {2},
	Pages = {245--260},
	Title = {On the Interpretation of Disjunction: Asymmetric, Incremental, and Eager for Inconsistency},
	Volume = {31},
	Year = {2008}}

@unpublished{Chemla-HurfordCounts,
	Author = {Chemla, Emmanuel},
	Note = {\url{http://www.emmanuel.chemla.free.fr/Material/Chemla-HurfordCounts.pdf}},
	Title = {Apparent {H}urford Constraint Obviations are Based on Scalar Implicatures: An Argument Based on Frequency Counts},
	Year = {2013}}

@article{Hurford:1974,
	Author = {Hurford, James R.},
	Journal = {Foundations of Language},
	Number = {3},
	Pages = {409--411},
	Title = {Exclusive or Inclusive Disjunction},
	Volume = {11},
	Year = {1974}}

@book{Horn89,
	Author = {Horn, Laurence R.},
	Publisher = {University of Chicago Press},
	Title = {A Natural History of Negation},
	Address = {Chicago},
	Year = {1989}}

@article{Rohdenburg:1985,
	Author = {Rohdenburg, G{\"u}nther},
	Journal = {Journal of Semantics},
	Number = {2},
	Pages = {117--135},
	Title = {Dogs, Bitches and Other Creatures},
	Volume = {4},
	Year = {1985}}

@book{Lewis69,
	Address = {Cambridge, MA},
	Author = {Lewis, David},
	Publisher = {Harvard University Press},
	Title = {Convention},
	Year = {1969}}

@book{Franke09DISS,
	Author = {Franke, Michael},
	Publisher = {Institute for Logic, Language and Computation, University of Amsterdam},
	Series = {ILLC Dissertation Series},
	Title = {Signal to Act: Game Theory in Pragmatics},
	Year = {2009}}

@inproceedings{Smith:Goodman:Frank:2013,
	Author = {Smith, Nathaniel J. and Goodman, Noah D. and Frank, Michael C.},
	Booktitle = {NIPS 26},
	Title = {Learning and Using Language via Recursive Pragmatic Reasoning about Other Agents},
	Year = {2013}}

@article{Kao-etal:2014,
	Author = {Kao, Justine T. and Wu, Jean Y. and Bergen, Leon and Goodman, Noah D.},
	Journal = {Proceedings of the National Academy of Sciences},
	Month = {August},
	Number = {33},
	Pages = {12002--12007},
	Title = {Nonliteral Understanding of Number Words},
	Volume = {111},
	Year = {2014}}
	
@inproceedings{Bergen:Goodman:Levy:2012,
	Address = {Austin, TX},
	Author = {Bergen, Leon and Goodman, Noah D. and Levy, Roger},
	Booktitle = {Proceedings of the Thirty-Fourth Annual Conference of the {C}ognitive {S}cience {S}ociety},
	Editor = {Miyake, Naomi and Peebles, David and Cooper, Richard P.},
	Pages = {120--125},
	Publisher = {Cognitive Science Society},
	Title = {That's What She (Could Have) Said: How Alternative Utterances Affect Language Use},
	Year = {2012}}

@article{CamererHo:2004,
	Author = {Camerer, Colin F. and Ho, Teck-Hua and Chong, Juin-Kuan},
	Journal = {The Quarterly Journal of Economics},
	Month = {August},
	Number = {3},
	Pages = {861--898},
	Title = {A Cognitive Hierarchy Model of Games},
	Volume = {119},
	Year = {2004}}

@inproceedings{SnowEtAl05,
	Address = {Cambridge, MA},
	Author = {Snow, Rion and Jurafsky, Daniel and Ng, Andrew Y.},
	Booktitle = {Advances in Neural Information Processing Systems 17},
	Editor = {Lawrence K. Saul and Yair Weiss and {L\'{e}on} Bottou},
	Pages = {1297--1304},
	Publisher = {MIT Press},
	Title = {Learning Syntactic Patterns for Automatic Hypernym Discovery},
	Year = {2005}}

@article{Frank:Goodman:2012,
	Author = {Frank, Michael C. and Goodman, Noah D.},
	Journal = {Science},
	Number = {6084},
	Pages = {998},
	Title = {Predicting Pragmatic Reasoning in Language Games},
	Volume = {336},
	Year = {2012}}

@inproceedings{Vogel-etal:2013,
	Address = {Stroudsburg, PA},
	Author = {Vogel, Adam and Bodoia, Max and Potts, Christopher and Jurafsky, Dan},
	Booktitle = {Human Language Technologies: The 2013 Annual Conference of the {N}orth {A}merican Chapter of the {A}ssociation for {C}omputational {L}inguistics},
	Location = {Atlanta, Georgia},
	Month = {June},
	Pages = {1072--1081},
	Publisher = {Association for Computational Linguistics},
	Title = {Emergence of {G}ricean Maxims from Multi-Agent Decision Theory},
	Year = {2013}}

@inproceedings{Vogel-etal:2014,
  Author = {Vogel, Adam  and  G{\'o}mez Emilsson, Andr{\'e}s  and  Frank, Michael C.  and  Jurafsky, Dan  and  Potts, Christopher},
  Month = {July},
  Booktitle = {Proceedings of the 36th Annual Meeting of the {C}ognitive {S}cience {S}ociety},
  Title = {Learning to Reason Pragmatically with Cognitive Limitations},
  Pages = {3055--3060},
  Location = {Quebec City},
  Publisher = {Cognitive Science Society},
  Address = {Wheat Ridge, CO},
  Year = {2014}}

@unpublished{Potts13MICH,
  Author = {Potts, Christopher},
  Note = {{\footnotesize\url{http://web.stanford.edu/~cgpotts/manuscripts/potts-interacting2013.pdf}}},
  Title = {Conversational Implicature: Interacting with Grammar},
  Year = {2013}}

@incollection{Potts08HSK,
  Address = {Berlin},
  Author = {Potts, Christopher},
  Pages = {2516--2536},
  Crossref = {Maienborn:vonHeusinger:Portner:2012},
  Title = {Conventional Implicature and Expressive Content}}

@unpublished{bergen-levy-goodman:2014,
	Author = {Bergen, Leon  and  Levy, Roger  and  Goodman Noah D.},
	Date-Added = {2014-06-18 23:08:24 +0000},
	Date-Modified = {2014-06-18 23:09:06 +0000},
        Note = {\url{http://web.mit.edu/bergen/www/papers/BergenLevyGoodman2014.pdf}},
	Title = {Pragmatic Reasoning through Semantic Inference},
	Year = {2014}}

@phdthesis{Hirschberg85,
	Author = {Hirschberg, Julia},
	School = {University of Pennsylvania},
	Title = {A Theory of Scalar Implicature},
	Year = {1985}}

@book{Maienborn:vonHeusinger:Portner:2012,
	Address = {Berlin},
	Booktitle = {Semantics: An International Handbook of Natural Language Meaning},
	Date-Added = {2012-08-18 00:04:20 +0000},
	Date-Modified = {2012-08-18 00:04:34 +0000},
	Editor = {Maienborn, Claudia and von Heusinger, Klaus and Portner, Paul},
	Publisher = {Mouton de Gruyter},
	Title = {Semantics: An International Handbook of Natural Language Meaning},
	Volume = {3},
	Year = {2012}}

@misc{levy-bergen-goodman:2014SALT,
	Author = {Roger Levy and Leon Bergen and Noah D. Goodman},
	Date-Modified = {2014-07-08 23:25:51 +0000},
	Note = {To appear in the Proceedings of the 24th Conference on Semantics and Linguistic Theory},
	Title = {\emph{Roses and flowers}: an informativeness implicature in probabilistic pragmatics},
	Year = {2014}}
