@preamble{"\newcommand{\SortNoop}[1]{}"}

@article{Frank:Goodman:Tenenbaum:2009,
	Author = {Frank, Michael C. and Goodman, Noah D. and Tenenbaum, Joshua B.},
	Journal = {Psychological Science},
	Number = {5},
	Pages = {578--585},
	Title = {Using Speakers' Referential Intentions to Model Early Cross-Situational Word Learning},
	Volume = {20},
	Year = {2009}}

@inproceedings{Hearst92,
	Address = {Nantes},
	Author = {Hearst, Marti A.},
	Booktitle = {Proceedings of {COLING} 1992},
	Month = {August},
	Pages = {539--545},
	Publisher = {Association for Computational Linguistics},
	Title = {Automatic Acquisition of Hyponyms from Large Text Corpora},
	Year = {1992}}

@inproceedings{SnowEtAl05,
	Address = {Cambridge, MA},
	Author = {Snow, Rion and Jurafsky, Daniel and Ng, Andrew Y.},
	Booktitle = {Advances in Neural Information Processing Systems 17},
	Editor = {Lawrence K. Saul and Yair Weiss and {L\'{e}on} Bottou},
	Pages = {1297--1304},
	Publisher = {MIT Press},
	Title = {Learning Syntactic Patterns for Automatic Hypernym Discovery},
	Year = {2005}}

@incollection{Lewis75LL,
	Address = {Minneapolis},
	Author = {Lewis, David},
	Booktitle = {Minnesota Studies in the Philosophy of Science},
	Editor = {Keith Gunderson},
	Pages = {3--35},
	Publisher = {University of Minnesota Press},
	Title = {Languages and Language},
	Volume = {VII},
	Year = {1975}}

@article{TurneyPantel10,
	Author = {Turney, Peter D. and Pantel, Patrick},
	Journal = {Journal of Artificial Intelligence Research},
	Pages = {141--188},
	Title = {From Frequency to Meaning: Vector Space Models of Semantics},
	Volume = {37},
	Year = {2010}}

@book{Franke09DISS,
	Author = {Franke, Michael},
	Publisher = {Institute for Logic, Language and Computation, University of Amsterdam},
	Series = {ILLC Dissertation Series},
	Title = {Signal to Act: Game Theory in Pragmatics},
	Year = {2009}}

@article{Frank:Goodman:2012,
	Author = {Frank, Michael C. and Goodman, Noah D.},
	Journal = {Science},
	Number = {6084},
	Pages = {998},
	Title = {Predicting Pragmatic Reasoning in Language Games},
	Volume = {336},
	Year = {2012}}

@incollection{Jaeger:2011,
	Author = {{\SortNoop{Jager}}J{\"a}ger, Gerhard},
	Crossref = {Maienborn:vonHeusinger:Portner:2012},
	Pages = {2487--2425},
	Title = {Game Theory in Semantics and Pragmatics}}


@inproceedings{Bergen:Goodman:Levy:2012,
	Address = {Austin, TX},
	Author = {Bergen, Leon and Goodman, Noah D. and Levy, Roger},
	Booktitle = {Proceedings of the Thirty-Fourth Annual Conference of the {C}ognitive {S}cience {S}ociety},
	Editor = {Miyake, Naomi and Peebles, David and Cooper, Richard P.},
	Pages = {120--125},
	Publisher = {Cognitive Science Society},
	Title = {That's What She (Could Have) Said: How Alternative Utterances Affect Language Use},
	Year = {2012}}

@inproceedings{Smith:Goodman:Frank:2013,
	Author = {Smith, Nathaniel J. and Goodman, Noah D. and Frank, Michael C.},
	Booktitle = {Advances in Neural Information Processing Systems 26},
	Pages = {3039--3047},
	Title = {Learning and Using Language via Recursive Pragmatic Reasoning about Other Agents},
	Year = {2013}}

@book{Maienborn:vonHeusinger:Portner:2012,
	Address = {Berlin},
	Editor = {Maienborn, Claudia and von Heusinger, Klaus and Portner, Paul},
	Publisher = {Mouton de Gruyter},
	Booktitle = {Semantics: An International Handbook of Natural Language Meaning},
	Volume = {3},
	Year = {2012}}

