%% This BibTeX bibliography file was created using BibDesk.
%% http://bibdesk.sourceforge.net/


%% Created for chris at 2014-07-25 14:34:40 -0700 


%% Saved with string encoding Unicode (UTF-8) 

@preamble{"\newcommand{\SortNoop}[1]{}"}

@inproceedings{Hearst92,
	Address = {Nantes},
	Author = {Hearst, Marti A.},
	Booktitle = {Proceedings of {COLING} 1992},
	Month = {August},
	Pages = {539--545},
	Publisher = {Association for Computational Linguistics},
	Title = {Automatic Acquisition of Hyponyms from Large Text Corpora},
	Year = {1992}}

@incollection{Giles:2008,
	Author = {Giles, H},
	Booktitle = {Engaging Theories in Interpersonal Communication: Multiple Perspectives},
	Pages = {161---173},
	Publisher = {Sage Publications},
	Title = {Communication Accommodation Theory},
	Year = {2008}}

@article{Clark97,
	Author = {Clark, Herbert H.},
	Journal = {Discourse Processes},
	Number = {3},
	Pages = {567--59},
	Title = {Dogmas of Understanding},
	Volume = {23},
	Year = {1997}}

@inproceedings{DanLeePan:2012,
	Address = {New York},
	Author = {Danescu-Niculescu-Mizil, Cristian and Lee, Lillian and Pang, Bo and Kleinberg, Jon},
	Booktitle = {Proceedings of the 21st World Wide Web Conference},
	Pages = {699--708},
	Publisher = {ACM},
	Title = {Echoes of Power: Language Effects and Power Differences in Social Interaction},
	Year = {2012}}

@book{Levinson00,
	Address = {Cambridge, MA},
	Author = {Levinson, Stephen C.},
	Publisher = {MIT Press},
	Title = {Presumptive Meanings: {T}he Theory of Generalized Conversational Implicature},
	Year = {2000}}


@incollection{Jaeger:2011,
	Author = {{\SortNoop{Jager}}J{\"a}ger, Gerhard},
	Crossref = {Maienborn:vonHeusinger:Portner:2012},
	Pages = {2487--2425},
	Title = {Game Theory in Semantics and Pragmatics}}

@incollection{Jaeger:2007,
	Address = {Amsterdam},
	Author = {{\SortNoop{Jager}}J{\"a}ger, Gerhard},
	Booktitle = {Game Theory and Linguistic Meaning},
	Editor = {Pietarinen, Ahti-Veikko},
	Pages = {89--102},
	Publisher = {Elsevier},
	Title = {Game Dynamics Connects Semantics and Pragmatics},
	Year = {2007}}

@article{Clark:Wilkes-Gibbs:1986,
	Author = {Clark, Herbert H. and Wilkes-Gibbs, Deanna},
	Journal = {Cognition},
	Number = {1},
	Pages = {1--39},
	Title = {Referring as a Collaborative Process},
	Volume = {22},
	Year = {1986}}

@article{Singh:2008,
	Author = {Singh, Raj},
	Date-Added = {2012-04-08 19:17:53 +0000},
	Date-Modified = {2013-05-29 19:44:04 +0000},
	Journal = {Linguistics and Philosophy},
	Keywords = {Hurford's constraint, pragmatics, conversational implicature},
	Number = {2},
	Pages = {245--260},
	Title = {On the Interpretation of Disjunction: Asymmetric, Incremental, and Eager for Inconsistency},
	Volume = {31},
	Year = {2008}}

@unpublished{Chemla-HurfordCounts,
	Author = {Chemla, Emmanuel},
	Note = {\url{http://www.emmanuel.chemla.free.fr/Material/Chemla-HurfordCounts.pdf}},
	Title = {Apparent {H}urford Constraint Obviations are Based on Scalar Implicatures: An Argument Based on Frequency Counts},
	Year = {2013}}

@article{Hurford:1974,
	Author = {Hurford, James R.},
	Journal = {Foundations of Language},
	Number = {3},
	Pages = {409--411},
	Title = {Exclusive or Inclusive Disjunction},
	Volume = {11},
	Year = {1974}}

@book{Horn89,
	Author = {Horn, Laurence R.},
	Publisher = {Chicago},
	Title = {A Natural History of Negation},
	Year = {1989}}

@article{Rohdenburg:1985,
	Author = {Rohdenburg, G{\"u}nther},
	Journal = {Journal of Semantics},
	Number = {2},
	Pages = {117--135},
	Title = {Dogs, Bitches and Other Creatures},
	Volume = {4},
	Year = {1985}}

@book{Lewis69,
	Address = {Cambridge, MA},
	Author = {Lewis, David},
	Publisher = {Harvard University Press},
	Title = {Convention},
	Year = {1969}}

@book{Franke09DISS,
	Author = {Franke, Michael},
	Publisher = {Institute for Logic, Language and Computation, University of Amsterdam},
	Series = {ILLC Dissertation Series},
	Title = {Signal to Act: Game Theory in Pragmatics},
	Year = {2009}}

@inproceedings{Smith:Goodman:Frank:2013,
	Author = {Smith, Nathaniel J. and Goodman, Noah D. and Frank, Michael C.},
	Booktitle = {NIPS 26},
	Title = {Learning and Using Language via Recursive Pragmatic Reasoning about Other Agents},
	Year = {2013}}

@inproceedings{Bergen:Goodman:Levy:2012,
	Author = {Bergen, Leon and Goodman, Noah D. and Levy, Roger},
	Booktitle = {{C}og{S}ci 34},
	Title = {That's What She (Could Have) Said: How Alternative Utterances Affect Language Use},
	Year = {2012}}

@article{CamererHo:2004,
	Author = {Camerer, Colin F. and Ho, Teck-Hua and Chong, Juin-Kuan},
	Journal = {The Quarterly Journal of Economics},
	Month = {August},
	Number = {3},
	Pages = {861--898},
	Title = {A Cognitive Hierarchy Model of Games},
	Volume = {119},
	Year = {2004}}

@inproceedings{SnowEtAl05,
	Address = {Cambridge, MA},
	Author = {Snow, Rion and Jurafsky, Daniel and Ng, Andrew Y.},
	Booktitle = {Advances in Neural Information Processing Systems 17},
	Editor = {Lawrence K. Saul and Yair Weiss and {L\'{e}on} Bottou},
	Pages = {1297--1304},
	Publisher = {MIT Press},
	Title = {Learning Syntactic Patterns for Automatic Hypernym Discovery},
	Year = {2005}}

@article{Frank:Goodman:2012,
	Author = {Frank, Michael C. and Goodman, Noah D.},
	Journal = {Science},
	Number = {6084},
	Pages = {998},
	Title = {Predicting Pragmatic Reasoning in Language Games},
	Volume = {336},
	Year = {2012}}

@inproceedings{Vogel-etal:2013,
	Address = {Stroudsburg, PA},
	Author = {Vogel, Adam and Bodoia, Max and Potts, Christopher and Jurafsky, Dan},
	Booktitle = {Human Language Technologies: The 2013 Annual Conference of the {N}orth {A}merican Chapter of the {A}ssociation for {C}omputational {L}inguistics},
	Location = {Atlanta, Georgia},
	Month = {June},
	Pages = {1072--1081},
	Publisher = {Association for Computational Linguistics},
	Title = {Emergence of {G}ricean Maxims from Multi-Agent Decision Theory},
	Year = {2013}}

@inproceedings{Vogel-etal:2014,
  Author = {Vogel, Adam  and  G{\'o}mez Emilsson, Andr{\'e}s  and  Frank, Michael C.  and  Jurafsky, Dan  and  Potts, Christopher},
  Month = {July},
  Booktitle = {Proceedings of the 36th Annual Meeting of the {C}ognitive {S}cience {S}ociety},
  Title = {Learning to Reason Pragmatically with Cognitive Limitations},
  Pages = {3055--3060},
  Location = {Quebec City},
  Publisher = {Cognitive Science Society},
  Address = {Wheat Ridge, CO},
  Year = {2014}}

@unpublished{Potts13MICH,
  Author = {Potts, Christopher},
  Note = {{\footnotesize\url{http://web.stanford.edu/~cgpotts/manuscripts/potts-interacting2013.pdf}}},
  Title = {Conversational Implicature: Interacting with Grammar},
  Year = {2013}}


@unpublished{bergen-levy-goodman:2014,
	Author = {Bergen, Leon  and  Levy, Roger  and  Goodman Noah D.},
	Date-Added = {2014-06-18 23:08:24 +0000},
	Date-Modified = {2014-06-18 23:09:06 +0000},
        Note = {\url{http://web.mit.edu/bergen/www/papers/BergenLevyGoodman2014.pdf}},
	Title = {Pragmatic Reasoning through Semantic Inference},
	Year = {2014}}

@book{levinson:2000,
	Author = {Levinson, Stephen C},
	Publisher = {MIT press},
	Title = {Presumptive Meanings},
	Year = {2000}}

@phdthesis{hirschberg:1985,
	Author = {Hirschberg, Julia},
	Date-Added = {2014-06-20 19:32:06 +0000},
	Date-Modified = {2014-07-01 16:53:42 +0000},
	School = {University of Pennsylvania},
	Title = {A theory of scalar implicature},
	Year = {1985}}

@book{Maienborn:vonHeusinger:Portner:2012,
	Address = {Berlin},
	Booktitle = {Semantics: An International Handbook of Natural Language Meaning},
	Date-Added = {2012-08-18 00:04:20 +0000},
	Date-Modified = {2012-08-18 00:04:34 +0000},
	Editor = {Maienborn, Claudia and von Heusinger, Klaus and Portner, Paul},
	Publisher = {Mouton de Gruyter},
	Title = {Semantics: An International Handbook of Natural Language Meaning},
	Volume = {3},
	Year = {2012}}
